@article{rontsis2022efficient,
  title={Efficient semidefinite programming with approximate admm},
  author={Rontsis, Nikitas and Goulart, Paul and Nakatsukasa, Yuji},
  journal={Journal of Optimization Theory and Applications},
  pages={1--29},
  year={2022},
  publisher={Springer}
}

@article{eckstein2008family,
  title={A family of projective splitting methods for the sum of two maximal monotone operators},
  author={Eckstein, Jonathan and Svaiter, Benar Fux},
  journal={Mathematical Programming},
  volume={111},
  pages={173--199},
  year={2008},
  publisher={Springer}
}

@book{bauschke_combettes,
  title={Convex analysis and monotone operator theory in Hilbert spaces},
  author={Bauschke, Heinz H and Combettes, Patrick L and others},
  volume={408},
  year={2011},
  publisher={Springer}
}

@book{hunter2001applied,
  title={Applied analysis},
  author={Hunter, John K and Nachtergaele, Bruno},
  year={2001},
  publisher={World Scientific Publishing Company}
}

@article{malitsky2023resolvent,
  title={Resolvent splitting for sums of monotone operators with minimal lifting},
  author={Malitsky, Yura and Tam, Matthew K},
  journal={Mathematical Programming},
  volume={201},
  number={1-2},
  pages={231--262},
  year={2023},
  publisher={Springer Berlin Heidelberg Berlin/Heidelberg}
}

@article{corless1996lambert,
  title={On the Lambert W function},
  author={Corless, Robert M and Gonnet, Gaston H and Hare, David EG and Jeffrey, David J and Knuth, Donald E},
  journal={Advances in Computational mathematics},
  volume={5},
  pages={329--359},
  year={1996},
  publisher={Springer}
}

@article{tam2023frugal,
  title={Frugal and decentralised resolvent splittings defined by nonexpansive operators},
  author={Tam, Matthew K},
  journal={Optimization Letters},
  pages={1--19},
  year={2023},
  publisher={Springer}
}


@article{ryu2020uniqueness,
  title={Uniqueness of DRS as the 2 operator resolvent-splitting and impossibility of 3 operator resolvent-splitting},
  author={Ryu, Ernest K},
  journal={Mathematical Programming},
  volume={182},
  number={1-2},
  pages={233--273},
  year={2020},
  publisher={Springer}
}

@article{fiedler1973algebraic,
  title={Algebraic connectivity of graphs},
  author={Fiedler, Miroslav},
  journal={Czechoslovak mathematical journal},
  volume={23},
  number={2},
  pages={298--305},
  year={1973},
  publisher={Institute of Mathematics, Academy of Sciences of the Czech Republic}
}

@inproceedings{duchi2008efficient,
  title={Efficient projections onto the l 1-ball for learning in high dimensions},
  author={Duchi, John and Shalev-Shwartz, Shai and Singer, Yoram and Chandra, Tushar},
  booktitle={Proceedings of the 25th international conference on Machine learning},
  pages={272--279},
  year={2008}
}

@article{liu2023proximal,
  title={The Proximal Operator of the Piece-wise Exponential Function and Its Application in Compressed Sensing},
  author={Liu, Yulan and Zhou, Yuyang and Lin, Rongrong},
  journal={arXiv preprint arXiv:2306.13425},
  year={2023}
}

@article{chen2016direct,
  title={The direct extension of ADMM for multi-block convex minimization problems is not necessarily convergent},
  author={Chen, Caihua and He, Bingsheng and Ye, Yinyu and Yuan, Xiaoming},
  journal={Mathematical Programming},
  volume={155},
  number={1-2},
  pages={57--79},
  year={2016},
  publisher={Springer}
}

@article{ghosh2006upper,
  title={Upper bounds on algebraic connectivity via convex optimization},
  author={Ghosh, Arpita and Boyd, Stephen},
  journal={Linear algebra and its applications},
  volume={418},
  number={2-3},
  pages={693--707},
  year={2006},
  publisher={Elsevier}
}

@inproceedings{boyd2006convex,
  title={Convex optimization of graph Laplacian eigenvalues},
  author={Boyd, Stephen},
  booktitle={Proceedings of the International Congress of Mathematicians},
  volume={3},
  number={1-3},
  pages={1311--1319},
  year={2006},
  organization={Citeseer}
}

@article{eckstein1992douglas,
  title={On the Douglasâ€”Rachford splitting method and the proximal point algorithm for maximal monotone operators},
  author={Eckstein, Jonathan and Bertsekas, Dimitri P},
  journal={Mathematical programming},
  volume={55},
  pages={293--318},
  year={1992},
  publisher={Springer}
}


@book{ben2001lectures,
  title={Lectures on modern convex optimization: analysis, algorithms, and engineering applications},
  author={Ben-Tal, Aharon and Nemirovski, Arkadi},
  year={2001},
  publisher={SIAM}
}

@article{bauschke2021generalized,
  title={Generalized monotone operators and their averaged resolvents},
  author={Bauschke, Heinz H and Moursi, Walaa M and Wang, Xianfu},
  journal={Mathematical Programming},
  volume={189},
  pages={55--74},
  year={2021},
  publisher={Springer}
}

@article{colla2024optimal,
  title={On the Optimal Communication Weights in Distributed Optimization Algorithms},
  author={Colla, Sebastien and Hendrickx, Julien M},
  journal={arXiv preprint arXiv:2402.05705},
  year={2024}
}

@article{rockafellar1970convex,
  title={Convex Analysis},
  author={Rockafellar, RT},
  journal={Princeton Math. Series},
  volume={28},
  year={1970}
}

@article{rockafellar1970maximal,
  title={On the maximal monotonicity of subdifferential mappings},
  author={Rockafellar, Ralph},
  journal={Pacific Journal of Mathematics},
  volume={33},
  number={1},
  pages={209--216},
  year={1970},
  publisher={Mathematical Sciences Publishers}
}

@article{douglas1956numerical,
  title={On the numerical solution of heat conduction problems in two and three space variables},
  author={Douglas, Jim and Rachford, Henry H},
  journal={Transactions of the American mathematical Society},
  volume={82},
  number={2},
  pages={421--439},
  year={1956}
}

@article{drori2014performance,
  title={Performance of first-order methods for smooth convex minimization: a novel approach},
  author={Drori, Yoel and Teboulle, Marc},
  journal={Mathematical Programming},
  volume={145},
  number={1},
  pages={451--482},
  year={2014},
  publisher={Springer}
}

@article{ryu2020operator,
  title={Operator splitting performance estimation: Tight contraction factors and optimal parameter selection},
  author={Ryu, Ernest K and Taylor, Adrien B and Bergeling, Carolina and Giselsson, Pontus},
  journal={SIAM Journal on Optimization},
  volume={30},
  number={3},
  pages={2251--2271},
  year={2020},
  publisher={SIAM}
}

@article{pepit2022,
  title={{PEPit}: computer-assisted worst-case analyses of first-order optimization methods in {P}ython},
  author={Goujaud, Baptiste and Moucer, C\'eline and Glineur, Fran\c{c}ois and Hendrickx, Julien and Taylor, Adrien and Dieuleveut, Aymeric},
  journal={arXiv preprint arXiv:2201.04040},
  year={2022}
}

@article{vandenberghe1996semidefinite,
  title={Semidefinite programming},
  author={Vandenberghe, Lieven and Boyd, Stephen},
  journal={SIAM review},
  volume={38},
  number={1},
  pages={49--95},
  year={1996},
  publisher={SIAM}
}

@article{yurtsever2021scalable,
  title={Scalable semidefinite programming},
  author={Yurtsever, Alp and Tropp, Joel A and Fercoq, Olivier and Udell, Madeleine and Cevher, Volkan},
  journal={SIAM Journal on Mathematics of Data Science},
  volume={3},
  number={1},
  pages={171--200},
  year={2021},
  publisher={SIAM}
}

@book{chung1997spectral,
  title={Spectral graph theory},
  author={Chung, Fan RK},
  volume={92},
  year={1997},
  publisher={American Mathematical Soc.}
}


@Article{JCM-37-778,
author = {Ryu , Ernest K. and Yin , Wotao},
title = {Proximal-Proximal-Gradient Method},
journal = {Journal of Computational Mathematics},
year = {2019},
volume = {37},
number = {6},
pages = {778--812},
issn = {1991-7139},
doi = {https://doi.org/10.4208/jcm.1906-m2018-0282},
url = {http://global-sci.org/intro/article_detail/jcm/13374.html}
}

@article{condat2023proximal,
  title={Proximal splitting algorithms for convex optimization: A tour of recent advances, with new twists},
  author={Condat, Laurent and Kitahara, Daichi and Contreras, Andr{\'e}s and Hirabayashi, Akira},
  journal={SIAM Review},
  volume={65},
  number={2},
  pages={375--435},
  year={2023},
  publisher={SIAM}
}

@article{aragon2023distributed,
  title={Distributed forward-backward methods for ring networks},
  author={Arag{\'o}n-Artacho, Francisco J and Malitsky, Yura and Tam, Matthew K and Torregrosa-Bel{\'e}n, David},
  journal={Computational Optimization and Applications},
  volume={86},
  number={3},
  pages={845--870},
  year={2023},
  publisher={Springer}
}

@article{bredies2024graph,
  title={Graph and distributed extensions of the Douglas--Rachford method},
  author={Bredies, Kristian and Chenchene, Enis and Naldi, Emanuele},
  journal={SIAM Journal on Optimization},
  volume={34},
  number={2},
  pages={1569--1594},
  year={2024},
  publisher={SIAM}
}

@article{campoy2022product,
  title={A product space reformulation with reduced dimension for splitting algorithms},
  author={Campoy, Rub{\'e}n},
  journal={Computational Optimization and Applications},
  volume={83},
  number={1},
  pages={319--348},
  year={2022},
  publisher={Springer}
}

@article{bredies2022degenerate,
  title={Degenerate preconditioned proximal point algorithms},
  author={Bredies, Kristian and Chenchene, Enis and Lorenz, Dirk A and Naldi, Emanuele},
  journal={SIAM Journal on Optimization},
  volume={32},
  number={3},
  pages={2376--2401},
  year={2022},
  publisher={SIAM}
}

@article{aragon2024forward,
  title={Forward-backward algorithms devised by graphs},
  author={Arag{\'o}n-Artacho, Francisco J and Campoy, Rub{\'e}n and L{\'o}pez-Pastor, C{\'e}sar},
  journal={arXiv preprint arXiv:2406.03309},
  year={2024}
}

@article{eckstein2009general,
  title={General projective splitting methods for sums of maximal monotone operators},
  author={Eckstein, Jonathan and Svaiter, Benar Fux},
  journal={SIAM Journal on Control and Optimization},
  volume={48},
  number={2},
  pages={787--811},
  year={2009},
  publisher={SIAM}
}

@article{morin2024frugal,
author = {Morin, Martin and Banert, Sebastian and Giselsson, Pontus},
title = {Frugal Splitting Operators: Representation, Minimal Lifting, and Convergence},
journal = {SIAM Journal on Optimization},
volume = {34},
number = {2},
pages = {1595-1621},
year = {2024},
doi = {10.1137/22M1531105},
URL = { https://doi.org/10.1137/22M1531105},
eprint = { https://doi.org/10.1137/22M1531105},
}

@article{fiedler1975property,
  title={A property of eigenvectors of nonnegative symmetric matrices and its application to graph theory},
  author={Fiedler, Miroslav},
  journal={Czechoslovak mathematical journal},
  volume={25},
  number={4},
  pages={619--633},
  year={1975},
  publisher={Institute of Mathematics, Academy of Sciences of the Czech Republic}
}

%SCIP-SDP
@article{gally2018framework,
  title={A framework for solving mixed-integer semidefinite programs},
  author={Gally, Tristan and Pfetsch, Marc E and Ulbrich, Stefan},
  journal={Optimization Methods and Software},
  volume={33},
  number={3},
  pages={594--632},
  year={2018},
  publisher={Taylor \& Francis}
}

@article{Lubin2023,
    author = {Miles Lubin and Oscar Dowson and Joaquim {Dias Garcia} and Joey Huchette and Beno{\^i}t Legat and Juan Pablo Vielma},
    title = {{JuMP} 1.0: {R}ecent improvements to a modeling language for mathematical optimization},
    journal = {Mathematical Programming Computation},
    year = {2023},
    doi = {10.1007/s12532-023-00239-3}
}

%Pajarito
@article{CoeyLubinVielma2020,
    title={Outer approximation with conic certificates for mixed-integer convex problems},
    author={Coey, Chris and Lubin, Miles and Vielma, Juan Pablo},
    journal={Mathematical Programming Computation},
    volume={12},
    number={2},
    pages={249--293},
    year={2020},
    publisher={Springer}
}

%Highs
@article{huangfu2018parallelizing,
  title={Parallelizing the dual revised simplex method},
  author={Huangfu, Qi and Hall, JA Julian},
  journal={Mathematical Programming Computation},
  volume={10},
  number={1},
  pages={119--142},
  year={2018},
  publisher={Springer}
}

%YALMIP
@inproceedings{Lofberg2004,
address = {Taipei, Taiwan},
author = {L{\"{o}}fberg, J.},
booktitle = {In Proceedings of the CACSD Conference},
title = {YALMIP : A Toolbox for Modeling and Optimization in MATLAB},
year = {2004}
}

@book{bynum2021pyomo,
  title={Pyomo-optimization modeling in python},
  author={Bynum, Michael L and Hackebeil, Gabriel A and Hart, William E and Laird, Carl D and Nicholson, Bethany L and Siirola, John D and Watson, Jean-Paul and Woodruff, David L and others},
  volume={67},
  year={2021},
  publisher={Springer}
}

@misc{gurobi,
  author = {{Gurobi Optimization, LLC}},
  title = {{Gurobi Optimizer Reference Manual}},
  year = 2023,
  url = "https://www.gurobi.com"
}

@book{ryu2022large,
  title={Large-scale convex optimization: algorithms \& analyses via monotone operators},
  author={Ryu, Ernest K and Yin, Wotao},
  year={2022},
  publisher={Cambridge University Press}
}

@article{attouch1996general,
  title={A general duality principle for the sum of two operators},
  author={Attouch, H{\'e}dy and Th{\'e}ra, Michel},
  journal={Journal of Convex Analysis},
  volume={3},
  pages={1--24},
  year={1996},
  publisher={Heldermann Verlag}
}

@book{horn2012matrix,
  title={Matrix analysis},
  author={Horn, Roger A and Johnson, Charles R},
  year={2012},
  publisher={Cambridge university press}
}

@article{kelley1961critical,
  title={Critical-path planning and scheduling: Mathematical basis},
  author={Kelley Jr, James E},
  journal={Operations research},
  volume={9},
  number={3},
  pages={296--320},
  year={1961},
  publisher={INFORMS}
}

@book{rockafellar1974conjugate,
  title={Conjugate duality and optimization},
  author={Rockafellar, R Tyrrell},
  year={1974},
  publisher={SIAM}
}

@manual{mosek,
   author = "MOSEK ApS",
   title = "MOSEK Optimizer API for Python 10.2.1",
   year = 2024,
   url = "https://docs.mosek.com/latest/pythonapi/index.html"
 }

@article{combettes2023geometry,
  title={The geometry of monotone operator splitting methods},
  author={Combettes, Patrick L},
  journal={arXiv preprint arXiv:2310.08443},
  year={2023}
}

@article{knyazev2001toward,
  title={Toward the optimal preconditioned eigensolver: Locally optimal block preconditioned conjugate gradient method},
  author={Knyazev, Andrew V},
  journal={SIAM journal on scientific computing},
  volume={23},
  number={2},
  pages={517--541},
  year={2001},
  publisher={SIAM}
}

@article{taylor2017exact,
  title={Exact worst-case performance of first-order methods for composite convex optimization},
  author={Taylor, Adrien B and Hendrickx, Julien M and Glineur, Fran{\c{c}}ois},
  journal={SIAM Journal on Optimization},
  volume={27},
  number={3},
  pages={1283--1313},
  year={2017},
  publisher={SIAM}
}

@misc{bassett2024optimaldesignresolventsplitting,
      title={Optimal Design of Resolvent Splitting Algorithms}, 
      author={Robert L Bassett and Peter Barkley},
      year={2024},
      eprint={2407.16159},
      archivePrefix={arXiv},
      primaryClass={math.OC},
      url={https://arxiv.org/abs/2407.16159}, 
}

@misc{barkley2024frsprojective,
      title={Frugal Resolvent Splitting as a General Projective Splitting, with applications to Decentralized Approximate Proximal Splitting for Semidefinite Programming}, 
      author={Barkley, Peter and Bassett, Robert L},
      year={2024},
      eprint={??},
      archivePrefix={arXiv},
      primaryClass={math.OC},
      url={https://arxiv.org/abs/??}, 
}

@article{GOULART2020177,
title = {Accuracy of approximate projection to the semidefinite cone},
journal = {Linear Algebra and its Applications},
volume = {594},
pages = {177-192},
year = {2020},
issn = {0024-3795},
doi = {https://doi.org/10.1016/j.laa.2020.02.014},
url = {https://www.sciencedirect.com/science/article/pii/S002437952030080X},
author = {Paul J. Goulart and Yuji Nakatsukasa and Nikitas Rontsis},
keywords = {Positive semidefinite cone, Projection, Matrix nearness problem, Eigenvalue perturbation theory},
abstract = {When a projection of a symmetric or Hermitian matrix to the positive semidefinite cone is computed approximately (or to working precision on a computer), a natural question is to quantify its accuracy. A straightforward bound invoking standard eigenvalue perturbation theory (e.g. Davis-Kahan and Weyl bounds) suggests that the accuracy would be inversely proportional to the spectral gap, implying it can be poor in the presence of small eigenvalues. This work shows that a small gap is not a concern for projection onto the semidefinite cone, by deriving error bounds that are gap-independent.}
}

@article{barre2023principled,
  title={Principled analyses and design of first-order methods with inexact proximal operators},
  author={Barr{\'e}, Mathieu and Taylor, Adrien B and Bach, Francis},
  journal={Mathematical Programming},
  volume={201},
  number={1},
  pages={185--230},
  year={2023},
  publisher={Springer}
}

@inproceedings{doherty2001convex,
  title={Convex position estimation in wireless sensor networks},
  author={Doherty, Lance and El Ghaoui, Laurent and others},
  booktitle={Proceedings IEEE INFOCOM 2001. Conference on computer communications. Twentieth Annual Joint conference of the IEEE computer and communications society (Cat. No. 01CH37213)},
  volume={3},
  pages={1655--1663},
  year={2001},
  organization={IEEE}
}

@article{shamsi2013conditions,
  title={Conditions for correct sensor network localization using SDP relaxation},
  author={Shamsi, Davood and Taheri, Nicole and Zhu, Zhisu and Ye, Yinyu},
  journal={Discrete geometry and optimization},
  pages={279--301},
  year={2013},
  publisher={Springer}
}

@article{so2007theory,
  title={Theory of semidefinite programming for sensor network localization},
  author={So, Anthony Man-Cho and Ye, Yinyu},
  journal={Mathematical Programming},
  volume={109},
  number={2},
  pages={367--384},
  year={2007},
  publisher={Springer}
}

@article{wang2006further,
  title={Further relaxations of the SDP approach to sensor network localization},
  author={Wang, Zizhuo and Zheng, Song and Boyd, Stephen and Ye, Yinyu},
  journal={Tech. Rep.},
  year={2006}
}

@inproceedings{biswas2004semidefinite,
  title={Semidefinite programming for ad hoc wireless sensor network localization},
  author={Biswas, Pratik and Ye, Yinyu},
  booktitle={Proceedings of the 3rd international symposium on Information processing in sensor networks},
  pages={46--54},
  year={2004}
}

@article{biswas2006semidefinite,
  title={Semidefinite programming approaches for sensor network localization with noisy distance measurements},
  author={Biswas, Pratik and Liang, T-C and Toh, K-C and Ye, Yinyu and Wang, T-C},
  journal={IEEE transactions on automation science and engineering},
  volume={3},
  number={4},
  pages={360--371},
  year={2006},
  publisher={IEEE}
}

@incollection{biswas2006distributed,
  title={A distributed method for solving semidefinite programs arising from ad hoc wireless sensor network localization},
  author={Biswas, Pratik and Ye, Yinyu},
  booktitle={Multiscale optimization methods and applications},
  pages={69--84},
  year={2006},
  publisher={Springer}
}

@inproceedings{wan2019distributed,
  title={A distributed algorithm for sensor network localization with limited measurements of relative distance},
  author={Wan, Changhuang and You, Sixiong and Jing, Gangshan and Dai, Ran},
  booktitle={2019 American Control Conference (ACC)},
  pages={4677--4682},
  year={2019},
  organization={IEEE}
}

@article{shi2010distributed,
  title={Distributed wireless sensor network localization via sequential greedy optimization algorithm},
  author={Shi, Qingjiang and He, Chen and Chen, Hongyang and Jiang, Lingge},
  journal={IEEE Transactions on Signal Processing},
  volume={58},
  number={6},
  pages={3328--3340},
  year={2010},
  publisher={IEEE}
}

@article{zhu2018admm,
  title={ADMM-based sensor network localization using low-rank approximation},
  author={Zhu, Yanping and Jiang, Aimin and Kwan, Hon Keung},
  journal={IEEE Sensors Journal},
  volume={18},
  number={20},
  pages={8463--8471},
  year={2018},
  publisher={IEEE}
}

@inproceedings{zhu2015distributed,
  title={Distributed sensor network localization using combination and diffusion scheme},
  author={Zhu, Yanping and Jiang, Aimin and Kwan, Hon Keung and He, Keren},
  booktitle={2015 IEEE International Conference on Digital Signal Processing (DSP)},
  pages={1156--1160},
  year={2015},
  organization={IEEE}
}

@article{deming1940least,
  title={On a least squares adjustment of a sampled frequency table when the expected marginal totals are known},
  author={Deming, W Edwards and Stephan, Frederick F},
  journal={The Annals of Mathematical Statistics},
  volume={11},
  number={4},
  pages={427--444},
  year={1940},
  publisher={JSTOR}
}

@article{brualdi1966diagonal,
  title={The diagonal equivalence of a nonnegative matrix to a stochastic matrix},
  author={Brualdi, Richard A and Parter, Seymour V and Schneider, Hans},
  journal={Journal of Mathematical Analysis and Applications},
  volume={16},
  number={1},
  pages={31--50},
  year={1966},
  publisher={Elsevier}
}

@article{lui2008semi,
  title={Semi-definite programming algorithms for sensor network node localization with uncertainties in anchor positions and/or propagation speed},
  author={Lui, Kenneth Wing Kin and Ma, Wing-Kin and So, Hing-Cheung and Chan, Frankie Kit Wing},
  journal={IEEE Transactions on Signal Processing},
  volume={57},
  number={2},
  pages={752--763},
  year={2008},
  publisher={IEEE}
}

@inproceedings{shang2003localization,
  title={Localization from mere connectivity},
  author={Shang, Yi and Ruml, Wheeler and Zhang, Ying and Fromherz, Markus PJ},
  booktitle={Proceedings of the 4th ACM international symposium on Mobile ad hoc networking \& computing},
  pages={201--212},
  year={2003}
}

@inproceedings{costa2005achieving,
  title={Achieving high-accuracy distributed localization in sensor networks},
  author={Costa, Jose A and Patwari, Neal and Hero, Alfred O},
  booktitle={Proceedings.(ICASSP'05). IEEE International Conference on Acoustics, Speech, and Signal Processing, 2005.},
  volume={3},
  pages={iii--641},
  year={2005},
  organization={IEEE}
}

@article{patwari2005locating,
  title={Locating the nodes: cooperative localization in wireless sensor networks},
  author={Patwari, Neal and Ash, Joshua N and Kyperountas, Spyros and Hero, Alfred O and Moses, Randolph L and Correal, Neiyer S},
  journal={IEEE Signal processing magazine},
  volume={22},
  number={4},
  pages={54--69},
  year={2005},
  publisher={IEEE}
}

@article{sinkhorn1967concerning,
  title={Concerning nonnegative matrices and doubly stochastic matrices},
  author={Sinkhorn, Richard and Knopp, Paul},
  journal={Pacific Journal of Mathematics},
  volume={21},
  number={2},
  pages={343--348},
  year={1967},
  publisher={Mathematical Sciences Publishers}
}

@article{Brualdi_1968, title={Convex Sets of Non-Negative Matrices}, volume={20}, DOI={10.4153/CJM-1968-016-9}, journal={Canadian Journal of Mathematics}, author={Brualdi, R. A.}, year={1968}, pages={144â€“157}} 

@article{idel2016review,
  title={A review of matrix scaling and Sinkhorn's normal form for matrices and positive maps},
  author={Idel, Martin},
  journal={arXiv preprint arXiv:1609.06349},
  year={2016}
}

@article{tibshirani2011,
author = {Ryan J. Tibshirani and Jonathan Taylor},
title = {{The solution path of the generalized lasso}},
volume = {39},
journal = {The Annals of Statistics},
number = {3},
publisher = {Institute of Mathematical Statistics},
pages = {1335 -- 1371},
keywords = {Degrees of freedom, Lagrange dual, LARS, Lasso, path algorithm},
year = {2011},
doi = {10.1214/11-AOS878},
URL = {https://doi.org/10.1214/11-AOS878}
}

@article{dufosse2022scaling,
  title={Scaling matrices and counting the perfect matchings in graphs},
  author={Dufoss{\'e}, Fanny and Kaya, Kamer and Panagiotas, Ioannis and U{\c{c}}ar, Bora},
  journal={Discrete Applied Mathematics},
  volume={308},
  pages={130--146},
  year={2022},
  publisher={Elsevier}
}

@article{brualdi1980bigraphs,
author = {Brualdi, Richard A. and Harary, Frank and Miller, Zevi},
title = {Bigraphs versus digraphs via matrices},
journal = {Journal of Graph Theory},
volume = {4},
number = {1},
pages = {51-73},
doi = {https://doi.org/10.1002/jgt.3190040107},
url = {https://onlinelibrary.wiley.com/doi/abs/10.1002/jgt.3190040107},
eprint = {https://onlinelibrary.wiley.com/doi/pdf/10.1002/jgt.3190040107},
abstract = {Abstract It was observed by Dulmage and Mendelsohn in their work on matrix reducibility that there is a one-to-one correspondence between bigraphs and digraphs determined by the utilization of the adjacency matrix. In this semiexpository paper we explore the interaction between this correspondence and a theory of matrix decomposability that is developed in several different articles. These results include: (a) a characterization of those bipartite graphs that can be labeled so that the resulting digraph is symmetric; (b) a criterion for the bigraph of a symmetric digraph to be connected; (c) a necessary and sufficient condition for a square binary matrix to be fully indecomposable in terms of its associated bigraph, and (d) matrix criteria for a digraph to be strongly, unilaterally, or weakly connected. We close with an unsolved extermal problem on the number of components of the bigraph of various orientations of a given graph. This leads to new amusing characterizations of trees and bigraphs. Dedicated to the graph-theoretic partnership of Lloyd Dulmage and Nathan Mendelsohn.},
year = {1980}
}

